<record xmlns="http://www.loc.gov/MARC21/slim" xmlns:xsi="http://www.w3.org/2001/XMLSchema-instance" xsi:schemaLocation="http://www.loc.gov/MARC21/slim http://www.loc.gov/standards/marcxml/schema/MARC21slim.xsd"><leader>00993cz   2200181n  4500</leader><controlfield tag="001">oca03941784 </controlfield><controlfield tag="005">20001104071410.0</controlfield><controlfield tag="008">951018n| acannaabn          |a aaa     c</controlfield><datafield ind1=" " ind2=" " tag="010"><subfield code="a">nr 95038421 </subfield></datafield><datafield ind1=" " ind2=" " tag="040"><subfield code="a">NNC</subfield><subfield code="b">eng</subfield><subfield code="c">NNC</subfield><subfield code="d">OCoLC</subfield></datafield><datafield ind1="1" ind2=" " tag="100"><subfield code="a">Messalla Rufus, M. Valerius,</subfield><subfield code="d">ca. 103-ca. 26 B.C.</subfield></datafield><datafield ind1="1" ind2=" " tag="400"><subfield code="a">Valerius Messalla Rufus, M.,</subfield><subfield code="d">ca. 103-ca. 26 B.C.</subfield></datafield><datafield ind1="1" ind2=" " tag="400"><subfield code="a">Rufus, M. Valerius Messalla,</subfield><subfield code="d">ca. 103-ca. 26 B.C.</subfield></datafield><datafield ind1="0" ind2=" " tag="400"><subfield code="a">M. Valerius Messalla Rufus,</subfield><subfield code="d">ca. 103-ca. 26 B.C.</subfield></datafield><datafield ind1=" " ind2=" " tag="670"><subfield code="a">The works of M. Valerius Messalla Rufus, 1991:</subfield><subfield code="b">PHI CD ROM #5.3, Latin Canon, bibliographic screen (M. Valerius Messalla Rufus)</subfield></datafield><datafield ind1=" " ind2=" " tag="670"><subfield code="a">Pauly-Wissowa:</subfield><subfield code="b">2. Reihe, 15. Halbbd., col. 166-169; "Valerius", #268 (M. Valerius Messalla Rufus; b. ca. 103 B.C.; consul, 53 B.C.; d. ca. 27/26 B.C.)</subfield></datafield><datafield ind1=" " ind2=" " tag="670"><subfield code="a">Peter, H. Historicum romanorum fragmenta, 1906:</subfield><subfield code="b">p. lxxviii (M. Valerius Messalla Rufus; consul, 53 B.C.)</subfield></datafield><datafield ind1=" " ind2=" " tag="675"><subfield code="a">NUC pre-56;</subfield><subfield code="a">Oxford class. dict.;</subfield><subfield code="a">Dict. of Greek and Roman biog. and mythology.</subfield></datafield></record>